<record><leader>00000cas a22000007a 4500</leader><controlfield tag="001">18046743</controlfield><controlfield tag="008">880607d1968197uohuwr ne      0    0eng d</controlfield><datafield ind1=" " ind2=" " tag="010"><subfield code="a">sn 88078613 </subfield></datafield><datafield ind1=" " ind2=" " tag="040"><subfield code="a">ONP</subfield><subfield code="b">eng</subfield><subfield code="c">ONP</subfield><subfield code="d">OCLCQ</subfield></datafield><datafield ind1=" " ind2=" " tag="042"><subfield code="a">msc</subfield></datafield><datafield ind1="0" ind2="4" tag="245"><subfield code="a">The Mentor morning monitor.</subfield></datafield><datafield ind1=" " ind2=" " tag="260"><subfield code="a">Mentor, Ohio :</subfield><subfield code="b">Lake-Geauga Print. Co.</subfield></datafield><datafield ind1=" " ind2=" " tag="300"><subfield code="a">v.</subfield></datafield><datafield ind1=" " ind2=" " tag="310"><subfield code="a">Weekly,</subfield><subfield code="b">Jan. 4, 1973-</subfield></datafield><datafield ind1=" " ind2=" " tag="321"><subfield code="a">Semiweekly,</subfield><subfield code="b">Oct. 15, 1968-Dec. 28, 1972</subfield></datafield><datafield ind1="0" ind2=" " tag="362"><subfield code="a">Vol. 30, no. 63 (Oct. 15, 1968)-</subfield></datafield><datafield ind1=" " ind2="4" tag="651"><subfield code="a">Mentor (Ohio)</subfield><subfield code="v">Newspapers.</subfield></datafield><datafield ind1=" " ind2="4" tag="651"><subfield code="a">Lake County (Ohio)</subfield><subfield code="v">Newspapers.</subfield></datafield><datafield ind1=" " ind2=" " tag="752"><subfield code="a">United States</subfield><subfield code="b">Ohio</subfield><subfield code="c">Lake</subfield><subfield code="d">Mentor.</subfield></datafield><datafield ind1="0" ind2="0" tag="780"><subfield code="t">Morning monitor (Painesville, Ohio)</subfield><subfield code="w">(DLC)sn 88078618</subfield></datafield></record>